<?xml version="1.0" encoding="UTF-8"?>
<collection xmlns:xsi="http://www.w3.org/2001/XMLSchema-instance" xsi:schemaLocation="http://www.loc.gov/MARC21/slim http://www.loc.gov/standards/marcxml/schema/MARC21slim.xsd" xmlns="http://www.loc.gov/MARC21/slim">
<record>
  <leader>00796cam a2200241Ia 4500</leader>
  <controlfield tag="001">4174670</controlfield>
  <controlfield tag="003">NNC</controlfield>
  <controlfield tag="005">20151221160643.0</controlfield>
  <controlfield tag="008">000720s1969    iq            000 j arard</controlfield>
  <datafield tag="010" ind1=" " ind2=" ">
    <subfield code="a">   77970757 </subfield>
  </datafield>
  <datafield tag="035" ind1=" " ind2=" ">
    <subfield code="a">(OCoLC)ocm44624232</subfield>
  </datafield>
  <datafield tag="035" ind1=" " ind2=" ">
    <subfield code="a">(NNC)4174670</subfield>
  </datafield>
  <datafield tag="040" ind1=" " ind2=" ">
    <subfield code="a">IUL</subfield>
    <subfield code="c">IUL</subfield>
    <subfield code="d">ZCU</subfield>
  </datafield>
  <datafield tag="050" ind1=" " ind2="4">
    <subfield code="a">PJ7804.K32</subfield>
    <subfield code="b">M5</subfield>
  </datafield>
  <datafield tag="090" ind1=" " ind2=" ">
    <subfield code="a">PJ7677</subfield>
    <subfield code="b">.I7 no.9</subfield>
  </datafield>
  <datafield tag="100" ind1="1" ind2=" ">
    <subfield code="a">ʻAbd al-Karīm, Aḥmad.</subfield>
  </datafield>
  <datafield tag="245" ind1="1" ind2="0">
    <subfield code="a">Min ajl al-ākharīn /</subfield>
    <subfield code="c">taʾlīf Aḥmad ʻAbd al-Karīm.</subfield>
  </datafield>
  <datafield tag="260" ind1=" " ind2=" ">
    <subfield code="a">[Baghdād] :</subfield>
    <subfield code="b">Wizārat al-Thaqāfah wa-al-Iʻlām, Mudīrīyat al-Thaqāfah al-ʻĀmmah,</subfield>
    <subfield code="c">1969.</subfield>
  </datafield>
  <datafield tag="300" ind1=" " ind2=" ">
    <subfield code="a">111 p. ;</subfield>
    <subfield code="c">24 cm.</subfield>
  </datafield>
  <datafield tag="490" ind1="1" ind2=" ">
    <subfield code="a">Silsilat al-qiṣṣah wa-al-masraḥīyah ;</subfield>
    <subfield code="v">9</subfield>
  </datafield>
  <datafield tag="500" ind1=" " ind2=" ">
    <subfield code="a">Short stories.</subfield>
  </datafield>
  <datafield tag="830" ind1=" " ind2="0">
    <subfield code="a">Silsilat al-qiṣṣah wa-al-masraḥīyah ;</subfield>
    <subfield code="v">9.</subfield>
  </datafield>
  <datafield tag="955" ind1=" " ind2=" ">
    <subfield code="b">0026810549</subfield>
    <subfield code="d">glx</subfield>
    <subfield code="e">PJ7677 .I7 no.9</subfield>
  </datafield>
</record>
</collection>